@misc{udesc,
  author = {{Centro de Ciências da Administração e Socioeconômicas}},
  title  = {Palestra sobre sustentabilidade abre Semana Acadêmica de Economia na UDESC ESAG},
  year   = {2023},
  url    = {\url{https://www.udesc.br/esag/noticia/palestra_sobre_sustentabilidade_abre_semana_academica_de_economia_na_udesc_esag}},
  note   = {Acesso em: 28 out. 2024}
}
